@inproceedings{confbib1,
  author = {Лобанов В.Е., Шитиков А.Е., Черенков А.В., Лихачев Г.В., Городецкий М.Л.},
  title = {Генерация платиконов с учетом дисперсии высшего порядка},
  booktitle = {Сборник трудов XVI Всероссийской школы-семинара «Физика и применение микроволн» имени А.П. Сухорукова («Волны-2017»)},
  year = {2017},
  language = {russian},
  volume = {Секция 7. Когерентные и нелинейные волновые явления},
}

@inproceedings{confbib1,
  author = {Лихачев Г.В. and Herr T. and Kippenberg T.J. and Городецкий М.Л.},
  title = {Tool for simulation of Kerr frequency combs},
  booktitle = {Название сборника},
  year = {2015},
  language = {english},
}