@article{Brasch2016,
  title = "Photonic chip based optical frequency comb using soliton induced Cherenkov radiation",
  journal = "Science",
  volume = "351",
  number = "6271",
  pages = "357-360",
  year = "2016",
  issn = "",
  doi = "",
  author = "Brasch V. and Geiselmann M. and Herr T. and Lihachev G. and Pfeiffer M.H.P and Gorodetsky M.L. and Kippenberg T.J.",
  language = {english}
}

@article{HerrPRL2014,
  title = "Mode spectrum and temporal soliton formation in optical microresonators",
  journal = "Phys. Rev. Lett.",
  volume = "113",
  number = "",
  pages = "123901",
  year = "2014",
  issn = "",
  doi = "",
  author = "Herr T. and Brasch V. and Jost J.D. and Mirgorodskiy I. and Lihachev G. and Gorodetsky M.L. and Kippenberg T.J.",
  language = {english}
}

@article{Lobanov2016,
  title = "Harmonization of chaos into a soliton in Kerr frequency combs",
  journal = "Optics Express",
  volume = "24",
  number = "24",
  pages = "27382-27394",
  year = "2016",
  issn = "",
  doi = "",
  author = "Lobanov V.E. and Lihachev G.V. and Pavlov N.G. and Cherenkov A.V. and Kippenberg T.J. and Gorodetsky M.L.",
  language = {english}
}

@article{Pavlov2017,
  title = "Soliton dual frequency combs in crystalline microresonators",
  journal = "Optics Lett.",
  volume = "42",
  number = "3",
  pages = "514-517",
  year = "2017",
  issn = "",
  doi = "",
  author = "Pavlov N.G. and Lihachev G. and Koptyaev S. and Lucas E. and Karpov M. and Kondratiev N.M. and Bilenko I.A. and Kippenberg T.J. and Gorodetsky M.L.",
  language = {english}
}

@article{Karpov2017,
  title = "Universal dynamics and deterministic switching of dissipative Kerr solitons in optical microresonators",
  journal = "Nature Phys.",
  volume = "13",
  number = "1",
  pages = "94â€“102",
  year = "2017",
  issn = "",
  doi = "",
  author = "Guo H. and Karpov M. and Lucas E. and Kordts A. and Pfeiffer M.H.P and Brasch V. and Lihachev G. and Lobanov V.E. and Gorodetsky M.L. and Kippenberg T.J.",
  language = {english}
}

@article{Lobanov2015epl,
  title = "Generation of platicons and frequency combs in optical microresonators with normal GVD by modulated pump",
  journal = "EPL",
  volume = "112",
  number = "",
  pages = "54008",
  year = "2015",
  issn = "",
  doi = "",
  author = "Lobanov V.E. and Lihachev G. and Gorodetsky M.L.",
  language = {english}
}

@article{Lobanov2015,
  title = "Frequency combs and platicons in optical microresonators with normal GVD",
  journal = "Opt. Express",
  volume = "23",
  number = "",
  pages = "7713-7721",
  year = "2015",
  issn = "",
  doi = "",
  author = "Lobanov V.E. and Lihachev G. and Kippenberg T.J. and Gorodetsky M.L.",
  language = {english}
}