% ГОСТ Р 7.0.11-2011, Приложение Б, Книги
@article{Hall2006a,
  title = "Nobel lecture: Defining and measuring optical frequencies",
  journal = "Rev. Mod. Phys.",
  volume = "78",
  number = "",
  pages = "1279",
  year = "2006",
  issn = "",
  doi = "",
  author = "Hall J. L.",
  language = {english}
}

@article{Diddams2001,
  title = "An optical clock based on a single trapped 199Hg+ ion",
  journal = "Science",
  volume = "293",
  number = "",
  pages = "825-828",
  year = "2001",
  issn = "",
  doi = "",
  author = "Diddams S.A., et al.",
  language = {english}
}

@article{Udem2002,
  title = "Optical frequency metrology",
  journal = "Nature",
  volume = "416",
  number = "",
  pages = "233-237",
  year = "2002",
  issn = "",
  doi = "",
  author = "Udem T., Holzwarth R. and Hansch T. W.",
  language = {english}
}

@article{Joshi2016,
  title = "Thermally Controlled Comb Generation and Soliton Modelocking in Microresonators",
  journal = "Opt. Lett.",
  volume = "41",
  number = "11",
  pages = "2565-2568",
  year = "2016",
  issn = "",
  doi = "",
  author = "Joshi C., et al.",
  language = {english}
}

@article{Ye2005,
  title = "Femtosecond Optical Frequency Comb: Principle, Operation and Applications",
  journal = "Springer",
  volume = "",
  number = "",
  pages = "362",
  year = "2005",
  issn = "",
  doi = "",
  author = "Ye J. and Cundiff S. T.",
  language = {english}
}

@article{Diddams2004,
  title = "Standards of time and frequency at the outset of the 21st century",
  journal = "Science",
  volume = "306",
  number = "",
  pages = "1318-1324",
  year = "2004",
  issn = "",
  doi = "",
  author = "Diddams S., et al.",
  language = {english}
}

@article{Jones2000,
  title = "Carrier-Envelope Phase Control of Femtosecond Mode-Locked Lasers and Direct Optical Frequency Synthesis",
  journal = "Science",
  volume = "288",
  number = "",
  pages = "635-639",
  year = "2000",
  issn = "",
  doi = "",
  author = "Jones D.J.",
  language = {english}
}

@article{Telle1999,
  title = "Carrier-envelope offset phase control: A novel concept for absolute optical frequency measurement and ultrashort pulse generation",
  journal = "Appl. Phys. B.",
  volume = "69",
  number = "",
  pages = "327-332",
  year = "1999",
  issn = "",
  doi = "",
  author = "Telle H.R., et al.",
  language = {english}
}

@article{Stowe2008,
  title = "Direct frequency comb spectroscopy",
  journal = "Advances in Atomic, Molecular and Optical Physics",
  volume = "55",
  number = "",
  pages = "1-9",
  year = "2008",
  issn = "",
  doi = "",
  author = "Stowe M.C., et al.",
  language = {english}
}

@article{Diddams2007,
  title = "Molecular fingerprinting with the resolved modes of a femtosecond laser frequency comb",
  journal = "Nature",
  volume = "445",
  number = "",
  pages = "627-630",
  year = "2007",
  issn = "",
  doi = "",
  author = "Diddams S.A., Hollberg L. and Mbele V.",
  language = {english}
}

@article{Ideguchi2013,
  title = "Coherent Raman spectro-imaging with laser frequency combs",
  journal = "Nature",
  volume = "445",
  number = "",
  pages = "355-358",
  year = "2013",
  issn = "",
  doi = "",
  author = "Ideguchi T., et al.",
  language = {english}
}

@article{Holzwarth2000,
  title = "Optical frequency synthesizer for precision spectroscopy",
  journal = "Phys. Rev. Lett.",
  volume = "85",
  number = "",
  pages = "2264-2267",
  year = "2000",
  issn = "",
  doi = "",
  author = "Holzwarth R., et al.",
  language = {english}
}

@article{Gao2006,
  title = "Novel Approach to RF Photonic Signal Processing Using an Ultrafast Laser Comb Modulated by Traveling-Wave Tunable Filters",
  journal = "IEEE Journal of Selected Topics in Quantum Electronics",
  volume = "12",
  number = "",
  pages = "315-329",
  year = "2006",
  issn = "",
  doi = "",
  author = "Gao L., Herriot S. I. and Wagner K. H.",
  language = {english}
}

@article{Torres2014,
  title = "Optical frequency comb technology for ultra-broadband radio-frequency photonics",
  journal = "Laser and Photonics Reviews",
  volume = "8",
  number = "3",
  pages = "368-393",
  year = "2014",
  issn = "",
  doi = "",
  author = "Torres-Company V. and Weiner A.M.",
  language = {english}
}

@article{Newbury2011,
  title = "Searching for applications with a fine-tooth comb",
  journal = "Nat. Photon.",
  volume = "5",
  number = "",
  pages = "186-188",
  year = "2011",
  issn = "",
  doi = "",
  author = "Newbury N. R.",
  language = {english}
}

@article{Steinmetz2008,
  title = "Laser frequency combs for astronomical observations",
  journal = "Science",
  volume = "321",
  number = "",
  pages = "1335-1337",
  year = "2008",
  issn = "",
  doi = "",
  author = "Steinmetz T., et al.",
  language = {english}
}

@article{Fortier2011,
  title = "Generation of ultrastable microwaves via optical frequency division",
  journal = "Nat. Photon.",
  volume = "5",
  number = "",
  pages = "425-429",
  year = "2011",
  issn = "",
  doi = "",
  author = "Fortier T., et al.",
  language = {english}
}

@article{DelHaye2007,
  title = "Optical frequency comb generation from a monolithic microresonator",
  journal = "Nature",
  volume = "450",
  number = "",
  pages = "1214-1217",
  year = "2007",
  issn = "",
  doi = "",
  author = "Del'Haye P., et al.",
  language = {english}
}

@article{Kippenberg2011,
  title = "Microresonator-based optical frequency combs",
  journal = "Science",
  volume = "332",
  number = "",
  pages = "555-559",
  year = "2011",
  issn = "",
  doi = "",
  author = "Kippenberg T.J., Holzwarth R., Diddams S.A.",
  language = {english}
}

@article{Pfeifle2014,
  title = "Coherent terabit communications with microresonator Kerr frequency combs",
  journal = "Nat. Photon.",
  volume = "8",
  number = "",
  pages = "375-380",
  year = "2014",
  issn = "",
  doi = "",
  author = "Pfeifle J., et al.",
  language = {english}
}

@article{Glenday2015,
  title = "Operation of a broadband visible-wavelength astro-comb with a high-resolution astrophysical spectrograph",
  journal = "Optica",
  volume = "2",
  number = "",
  pages = "250-254",
  year = "2015",
  issn = "",
  doi = "",
  author = "Glenday A.G., et al.",
  language = {english}
}

@article{Ferdous2011,
  title = "Spectral line-by-line pulse shaping of on-chip microresonator frequency combs",
  journal = "Nat. Photonics",
  volume = "5",
  number = "",
  pages = "770-776",
  year = "2011",
  issn = "",
  doi = "",
  author = "Ferdous F., et al.",
  language = {english}
}

@article{Xue2016,
  title = "Microwave photonics connected with microresonator frequency combs",
  journal = "Frontiers of Optoelectronics",
  volume = "9",
  number = "",
  pages = "238-248",
  year = "2016",
  issn = "",
  doi = "",
  author = "Xue X., Weiner A.M.",
  language = {english}
}

@article{Savchenkov2008,
  title = "Tunable Optical Frequency Combs with a Crystalline Whispering Gallery Mode Resonator",
  journal = "Phys. Rev. Lett.",
  volume = "101",
  number = "",
  pages = "093902",
  year = "2008",
  issn = "",
  doi = "",
  author = "Savchenkov A.A., et al.",
  language = {english}
}

@article{Grudinin2009,
  title = "Generation of optical frequency combs with a CaF2 resonator",
  journal = "Opt. Lett.",
  volume = "34",
  number = "7",
  pages = "878-880",
  year = "2009",
  issn = "",
  doi = "",
  author = "Grudinin I.S., Yu N. and Maleki L.",
  language = {english}
}

@article{Chembo2010,
  title = "Spectrum and dynamics of optical frequency combs generated with monolithic whispering gallery mode resonators",
  journal = "Phys. Rev. Lett.",
  volume = "104",
  number = "10",
  pages = "103902",
  year = "2010",
  issn = "",
  doi = "",
  author = "Chembo Y.K., Strekalov D.V. and Yu N.",
  language = {english}
}

@article{DelHaye2011,
  title = "Octave Spanning Tunable Frequency Comb from a Microresonator",
  journal = "Phys. Rev. Lett.",
  volume = "107",
  number = "",
  pages = "06390",
  year = "2011",
  issn = "",
  doi = "",
  author = "Del'Haye P., et al.",
  language = {english}
}

@article{Liang2011,
  title = "Generation of near-infrared frequency combs from a MgF2 whispering gallery mode resonator",
  journal = "Opt. Lett.",
  volume = "36",
  number = "12",
  pages = "2290-2292",
  year = "2011",
  issn = "",
  doi = "",
  author = "Liang W., et al.",
  language = {english}
}

@article{Jost2015,
  title = "All-optical stabilization of a soliton frequency comb in a crystalline microresonator",
  journal = "Opt. Lett.",
  volume = "40",
  number = "",
  pages = "4723-4726",
  year = "2015",
  issn = "",
  doi = "",
  author = "Jost J. D., et al.",
  language = {english}
}

@article{Grudinin2012,
  title = "Frequency comb from a microresonator with engineered spectrum",
  journal = "Opt. Express.",
  volume = "20",
  number = "",
  pages = "6604-6609",
  year = "2012",
  issn = "",
  doi = "",
  author = "Grudinin I.S., Baumgartel L. and Yu N.",
  language = {english}
}

@article{Levy2010,
  title = "CMOS-compatible multiple-wavelength oscillator for on-chip optical interconnects",
  journal = "Nature Photon.",
  volume = "4",
  number = "",
  pages = "37-40",
  year = "2010",
  issn = "",
  doi = "",
  author = "Levy J.S., et al.",
  language = {english}
}

@article{Okawachi2011,
  title = "Octave-spanning frequency comb generation in a silicon nitride chip",
  journal = "Opt. Lett.",
  volume = "36",
  number = "",
  pages = "3398-3400",
  year = "2011",
  issn = "",
  doi = "",
  author = "Okawachi Y., et al.",
  language = {english}
}

@article{Johnson2012,
  title = "Chip-based frequency combs with sub-100 GHz repetition rates",
  journal = "Opt. Lett.",
  volume = "37",
  number = "",
  pages = "875-877",
  year = "2012",
  issn = "",
  doi = "",
  author = "Johnson A. R., et al.",
  language = {english}
}

@article{Huang2015,
  title = "A low-phase-noise 18 GHz Kerr frequency microcomb phase-locked over 65 THz",
  journal = "Scientific Reports",
  volume = "5",
  number = "",
  pages = "13355",
  year = "2015",
  issn = "",
  doi = "",
  author = "Huang S.-W., et al.",
  language = {english}
}

@article{Razzari2010,
  title = "CMOS-compatible integrated optical hyper-parametric oscillators",
  journal = "Nature Photon.",
  volume = "4",
  number = "",
  pages = "41-45",
  year = "2010",
  issn = "",
  doi = "",
  author = "Razzari L., et al.",
  language = {english}
}

@article{Moss2013,
  title = "CMOS-compatible platforms based on silicon nitride and Hydex for nonlinear optics",
  journal = "Nature Photon.",
  volume = "7",
  number = "",
  pages = "597-607",
  year = "2013",
  issn = "",
  doi = "",
  author = "Moss D.J., et al.",
  language = {english}
}

@article{Jung2013,
  title = "Optical frequency comb generation from aluminum nitride microring resonator",
  journal = "Opt. Lett.",
  volume = "38",
  number = "",
  pages = "2810-2813",
  year = "2013",
  issn = "",
  doi = "",
  author = "Jung H., et al.",
  language = {english}
}

@article{Hausmann2014,
  title = "Diamond nonlinear photonics",
  journal = "Nature Photon.",
  volume = "8",
  number = "",
  pages = "369-374",
  year = "2014",
  issn = "",
  doi = "",
  author = "Hausmann B.J. M., et al.",
  language = {english}
}

@article{Herr2012,
  title = "Universal formation dynamics and noise of Kerr-frequency combs in microresonators",
  journal = "Nature Photon.",
  volume = "6",
  number = "",
  pages = "480-487",
  year = "2012",
  issn = "",
  doi = "",
  author = "Herr T., et al.",
  language = {english}
}

@article{Herr2014,
  title = "Temporal solitons in optical microresonators",
  journal = "Nature Photon.",
  volume = "8",
  number = "",
  pages = "145-152",
  year = "2014",
  issn = "",
  doi = "",
  author = "Herr T., et al.",
  language = {english}
}

@article{Yi2015,
  title = "Soliton frequency comb at microwave rates in a high-Q silica microresonator",
  journal = "Optica",
  volume = "2",
  number = "",
  pages = "1078-1085",
  year = "2015",
  issn = "",
  doi = "",
  author = "Yi X., et al.",
  language = {english}
}

@article{HerrPRL2014,
  title = "Mode spectrum and temporal soliton formation in optical microresonators",
  journal = "Phys. Rev. Lett.",
  volume = "113",
  number = "",
  pages = "123901",
  year = "2014",
  issn = "",
  doi = "",
  author = "Herr T., et al.",
  language = {english}
}

@article{Brasch2016,
  title = "Photonic chip based optical frequency comb using soliton induced Cherenkov radiation",
  journal = "Science",
  volume = "351",
  number = "",
  pages = "6271",
  year = "2016",
  issn = "",
  doi = "",
  author = "Brasch V., et al.",
  language = {english}
}

@article{Godey2014,
  title = "Stability analysis of the spatiotemporal Lugiato-Lefever model for Kerr optical frequency combs in the anomalous and normal dispersion regimes",
  journal = "Phys. Rev. A.",
  volume = "89",
  number = "",
  pages = "063814",
  year = "2014",
  issn = "",
  doi = "",
  author = "Godey C., et al.",
  language = {english}
}

@article{Jaramillo2015,
  title = "Deterministic single soliton generation and compression in microring resonators avoiding the chaotic region",
  journal = "Opt. Express",
  volume = "23",
  number = "",
  pages = "9618-9626",
  year = "2015",
  issn = "",
  doi = "",
  author = "Jaramillo-Villegas J. A., et al.",
  language = {english}
}

@article{Jang2015,
  title = "Temporal tweezing of light through the trapping and manipulation of temporal cavity solitons",
  journal = "Nature Communications",
  volume = "6",
  number = "",
  pages = "7370",
  year = "2015",
  issn = "",
  doi = "",
  author = "Jang J.K., et al.",
  language = {english}
}

@article{Hansson2016,
  title = "Dynamics of microresonator frequency comb generation: models and stability",
  journal = "Nanophotonics",
  volume = "5",
  number = "",
  pages = "231-243",
  year = "2016",
  issn = "",
  doi = "",
  author = "Hansson T. and Wabnitz S.",
  language = {english}
}

@article{Lamont2013,
  title = "Route to stabilized ultrabroadband microresonator-based frequency combs",
  journal = "Opt. Lett.",
  volume = "38",
  number = "",
  pages = "3478-3481",
  year = "2013",
  issn = "",
  doi = "",
  author = "Lamont M.R.E., Okawachi Y. and Gaeta A. L",
  language = {english}
}

@article{Saha2013,
  title = "Modelocking and femtosecond pulse generation in chip-based frequency combs",
  journal = "Opt. Express",
  volume = "21",
  number = "",
  pages = "1335-1343",
  year = "2013",
  issn = "",
  doi = "",
  author = "Saha K., et al.",
  language = {english}
}

@article{Matsko2012,
  title = "On excitation of breather solitons in an optical microresonator",
  journal = "Opt. Lett.",
  volume = "37",
  number = "",
  pages = "4856-4858",
  year = "2012",
  issn = "",
  doi = "",
  author = "Matsko A. B., et al.",
  language = {english}
}

@article{DelHaye2014,
  title = "Self-injection locking and phase-locked states in microresonator-based optical frequency combs",
  journal = "Phys. Rev. Lett.",
  volume = "112",
  number = "",
  pages = "043905",
  year = "2014",
  issn = "",
  doi = "",
  author = "Del’Haye P., et al.",
  language = {english}
}

@article{Wang2014,
  title = "Broadband Kerr frequency combs and intracavity soliton dynamics influenced by high-order cavity dispersion",
  journal = "Opt. Lett.",
  volume = "39",
  number = "",
  pages = "2880–2883",
  year = "2014",
  issn = "",
  doi = "",
  author = "Wang S., et al.",
  language = {english}
}

@article{Bao2014,
  title = "Nonlinear conversion efficiency in Kerr frequency comb generation",
  journal = "Opt. Lett.",
  volume = "39",
  number = "",
  pages = "6126-6129",
  year = "2014",
  issn = "",
  doi = "",
  author = "Bao C., et al.",
  language = {english}
}

@article{Taheri2015,
  title = "Soliton Formation in Whispering-Gallery-Mode Resonators via Input Phase Modulation",
  journal = "IEEE Photonics Journal",
  volume = "7",
  number = "2",
  pages = "2200309",
  year = "2015",
  issn = "",
  doi = "",
  author = "Taheri H., et al.",
  language = {english}
}
@article{Jang2015ol,
  title = "Writing and erasing of temporal cavity solitons by direct phase modulation of the cavity driving field",
  journal = "Opt. Lett.",
  volume = "40",
  number = "",
  pages = "4755-4758",
  year = "2015",
  issn = "",
  doi = "",
  author = "Jang J.K., et al.",
  language = {english}
}

@article{Kobatake2016,
  title = "Thermal effects on Kerr comb generation in a CaF2 whispering gallery mode microcavity",
  journal = "IEEE Photonics Journal",
  volume = "8",
  number = "2",
  pages = "4501109",
  year = "2016",
  issn = "",
  doi = "",
  author = "Kobatake T., et al.",
  language = {english}
}

@article{Karpov2017,
  title = "Universal dynamics and deterministic switching of dissipative Kerr solitons in optical microresonators",
  journal = "Nature Phys.",
  volume = "13",
  number = "",
  pages = "94–102",
  year = "2017",
  issn = "",
  doi = "",
  author = "Karpov M., et al.",
  language = {english}
}

@article{Yu2016,
  title = "Mode-locked mid-infrared frequency combs in a silicon microresonator",
  journal = "Optica",
  volume = "3",
  number = "8",
  pages = "854-860",
  year = "2016",
  issn = "",
  doi = "",
  author = "Yu M., et al.",
  language = {english}
}

@article{Griffiths2006,
  title = "Fourier Transform Infrared Spectrometry, Second Edition",
  journal = "John Wiley & Sons, Inc.",
  volume = "",
  number = "",
  pages = "560",
  year = "2006",
  issn = "",
  doi = "",
  author = "Griffiths P.R., de Haseth J.A",
  language = {english}
}

@article{Ideguchi2014,
  title = "Adaptive real-time dual-comb spectroscopy",
  journal = "Nature Commun.",
  volume = "5",
  number = "",
  pages = "3375",
  year = "2014",
  issn = "",
  doi = "",
  author = "Ideguchi T., et al.",
  language = {english}
}

@article{Coddington2016,
  title = "Dual-comb spectroscopy",
  journal = "Optica",
  volume = "3",
  number = "",
  pages = "414-426",
  year = "2016",
  issn = "",
  doi = "",
  author = "Coddington I., Newbury N. and Swann W.",
  language = {english}
}

@article{Suh2016,
  title = "Microresonator soliton dual-comb spectroscopy",
  journal = "Science",
  volume = "354",
  number = "",
  pages = "600-603",
  year = "2016",
  issn = "",
  doi = "",
  author = "Suh M.-G., et al.",
  language = {english}
}

@article{Schliesser2012,
  title = "Mid-infrared frequency combs",
  journal = "Nature Photon.",
  volume = "6",
  number = "",
  pages = "440-449",
  year = "2012",
  issn = "",
  doi = "",
  author = "Schliesser A., Picque N. and Hansch T.W.",
  language = {english}
}

@article{Wang2013,
  title = "Mid-infrared optical frequency combs at 2.5 µm based on crystalline microresonators",
  journal = "Nature Commun.",
  volume = "4",
  number = "",
  pages = "1345",
  year = "2013",
  issn = "",
  doi = "",
  author = "Wang C.Y., et al.",
  language = {english}
}

@article{Griffith2015,
  title = "Silicon-chip mid-infrared frequency comb generation",
  journal = "Nature Commun.",
  volume = "6",
  number = "",
  pages = "6299",
  year = "2015",
  issn = "",
  doi = "",
  author = "Griffith A.G., et al.",
  language = {english}
}

@article{Griffith2016,
  title = "Coherent mid-infrared frequency combs in silicon-microresonators in the presence of Raman effect",
  journal = "Opt. Express",
  volume = "24",
  number = "",
  pages = "13044-13050",
  year = "2016",
  issn = "",
  doi = "",
  author = "Griffith A.G., et al.",
  language = {english}
}

@article{Savchenkov2015,
  title = "Generation of Kerr combs centered at 4.5  μm in crystalline microresonators pumped with quantum-cascade lasers",
  journal = "Opt. Lett.",
  volume = "40",
  number = "",
  pages = "3468-3471",
  year = "2015",
  issn = "",
  doi = "",
  author = "Savchenkov A.A., et al.",
  language = {english}
}

@article{Adler2009,
  title = "Phase-stabilized, 1.5 W frequency comb at 2.8-4.8 mm",
  journal = "Opt. Lett.",
  volume = "34",
  number = "",
  pages = "1330-1332",
  year = "2009",
  issn = "",
  doi = "",
  author = "Adler F., et al.",
  language = {english}
}

@article{Leindecker2011,
  title = "Broadband degenerate OPO for mid-infrared frequency comb generation",
  journal = "Opt. Express",
  volume = "19",
  number = "",
  pages = "6296-6302",
  year = "2011",
  issn = "",
  doi = "",
  author = "Leindecker N., et al.",
  language = {english}
}

@article{Maddaloni2006,
  title = "Mid-infrared fibre-based optical comb",
  journal = "New Journal of Physics",
  volume = "8",
  number = "",
  pages = "262",
  year = "2006",
  issn = "",
  doi = "",
  author = "Maddaloni P., et al.",
  language = {english}
}

@article{Cruz2015,
  title = "Mid-infrared optical frequency combs based on difference frequency generation for molecular spectroscopy",
  journal = "Opt. Express",
  volume = "23",
  number = "",
  pages = "26814-26824",
  year = "2015",
  issn = "",
  doi = "",
  author = "Cruz F.C., et al.",
  language = {english}
}

@article{Grudinin2016,
  title = "Properties of fluoride microresonators for mid-IR applications",
  journal = "Opt. Lett.",
  volume = "41",
  number = "10",
  pages = "2378-2381",
  year = "2016",
  issn = "",
  doi = "",
  author = "Grudinin I.S., Mansour K., Yu N.",
  language = {english}
}

@article{Lin2015,
  title = "On the dispersion management of fluorite whispering-gallery mode resonators for Kerr optical frequency comb generation in the telecom and mid-infrared range",
  journal = "Opt. Express",
  volume = "23",
  number = "",
  pages = "1594-1604",
  year = "2015",
  issn = "",
  doi = "",
  author = "Lin G. and Chembo Y.K.",
  language = {english}
}

@article{Way2012,
  title = "High-Q microresonators for mid-IR light sources and molecular sensors",
  journal = "Opt. Lett.",
  volume = "37",
  number = "",
  pages = "4389-4391",
  year = "2012",
  issn = "",
  doi = "",
  author = "Way B., Jain R.K. and Hossein-Zadeh M.",
  language = {english}
}

@article{Lecaplain2016,
  title = "Mid-Infrared ultra-high-Q resonators based on fluoride crystalline materials",
  journal = "Nature Communications",
  volume = "",
  number = "",
  pages = "",
  year = "2016",
  issn = "",
  doi = "10.1038/ncomms13383",
  author = "Lecaplain C., et al.",
  language = {english}
}

@article{Xue2016nano,
  title = "Normal-dispersion microresonator Kerr frequency combs",
  journal = "Nanophotonics",
  volume = "5",
  number = "2",
  pages = "244-262",
  year = "2016",
  issn = "",
  doi = "",
  author = "Xue X., Qi M. and Weiner A.M.",
  language = {english}
}

@article{Miller2014,
  title = "On-chip frequency comb generation at visible wavelengths via simultaneous second- and third-order optical nonlinearities",
  journal = "Opt. Express",
  volume = "22",
  number = "",
  pages = "26517-26525",
  year = "2014",
  issn = "",
  doi = "",
  author = "Miller S., et al.",
  language = {english}
}

@article{Jung2014,
  title = "Green, red, and IR frequency comb line generation from single IR pump in AlN microring resonator",
  journal = "Optica",
  volume = "1",
  number = "",
  pages = "396-399",
  year = "2014",
  issn = "",
  doi = "",
  author = "Jung H., et al.",
  language = {english}
}

@article{Benedick2010,
  title = "Visible wavelength astro-comb",
  journal = "Opt. Express",
  volume = "18",
  number = "",
  pages = "19175–19184",
  year = "2010",
  issn = "",
  doi = "",
  author = "Benedick A.J., et al.",
  language = {english}
}

@article{Zhu2013,
  title = "Real-time dual frequency comb spectroscopy in the near infrared",
  journal = "Applied Phys. Lett.",
  volume = "102",
  number = "",
  pages = "121116",
  year = "2013",
  issn = "",
  doi = "",
  author = "Zhu F., et al.",
  language = {english}
}

@article{Coillet2013,
  title = "Azimuthal Turing Patterns, Bright and Dark Cavity Solitons in Kerr Combs Generated with Whispering-Gallery-Mode Resonators",
  journal = "IEEE Photonics Journal",
  volume = "5",
  number = "4",
  pages = "6100409",
  year = "2013",
  issn = "",
  doi = "",
  author = "Coillet A., et al.",
  language = {english}
}

@article{Liang2014,
  title = "Generation of a coherent near-infrared Kerr frequency comb in a monolithic microresonator with normal GVD",
  journal = "Opt. Lett.",
  volume = "39",
  number = "",
  pages = "2920-2923",
  year = "2014",
  issn = "",
  doi = "",
  author = "Liang W., et al.",
  language = {english}
}

@article{Henriet2015,
  title = "Kerr optical frequency comb generation in strontium fluoride whispering-gallery mode resonators with billion quality factor",
  journal = "Opt. Lett.",
  volume = "40",
  number = "",
  pages = "1567-1570",
  year = "2015",
  issn = "",
  doi = "",
  author = "Henriet R. et al.",
  language = {english}
}

@article{Huang2015prl,
  title = "Mode-Locked Ultrashort Pulse Generation from On-Chip Normal Dispersion Microresonators",
  journal = "Phys. Rev. Lett.",
  volume = "114",
  number = "",
  pages = "053901",
  year = "2015",
  issn = "",
  doi = "",
  author = "Huang S.W., et al.",
  language = {english}
}

@article{Xue2015,
  title = "Mode-locked dark pulse Kerr combs in normal-dispersion microresonators",
  journal = "Nature Photon.",
  volume = "9",
  number = "",
  pages = "594-600",
  year = "2015",
  issn = "",
  doi = "",
  author = "Xue X., et al.",
  language = {english}
}

@article{Lobanov2015,
  title = "Frequency combs and platicons in optical microresonators with normal GVD",
  journal = "Opt. Express",
  volume = "23",
  number = "",
  pages = "7713-7721",
  year = "2015",
  issn = "",
  doi = "",
  author = "Lobanov V.E., et al.",
  language = {english}
}

@article{ParraRivas2016,
  title = "Origin and stability of dark pulse Kerr combs in normal dispersion resonators",
  journal = "Opt. Lett.",
  volume = "41",
  number = "",
  pages = "2402-2405",
  year = "2016",
  issn = "",
  doi = "",
  author = "Parra-Rivas P., et al.",
  language = {english}
}

@article{Liu2014,
  title = "Investigation of mode coupling in normal-dispersion silicon nitride microresonators for Kerr frequency comb generation",
  journal = "Optica",
  volume = "1",
  number = "",
  pages = "137-144",
  year = "2014",
  issn = "",
  doi = "",
  author = "Liu Y., et al.",
  language = {english}
}

@article{Liu2015,
  title = "Normal-dispersion microcombs enabled by controllable mode interactions",
  journal = "Laser Photon. Rev.",
  volume = "9",
  number = "",
  pages = "L-23",
  year = "2015",
  issn = "",
  doi = "",
  author = "Liu Y., et al.",
  language = {english}
}

@article{Lobanov2015epl,
  title = "Generation of platicons and frequency combs in optical microresonators with normal GVD by modulated pump",
  journal = "EPL",
  volume = "112",
  number = "",
  pages = "54008",
  year = "2015",
  issn = "",
  doi = "",
  author = "Lobanov V.E., Lihachev G. and Gorodetsky M.L.",
  language = {english}
}

@article{Hansson2014,
  title = "Bichromatically pumped microresonator frequency combs",
  journal = "Phys. Rev. A.",
  volume = "90",
  number = "",
  pages = "013811",
  year = "2014",
  issn = "",
  doi = "",
  author = "Hansson T. and Wabnitz S.",
  language = {english}
}

@article{Strekalov2009,
  title = "Generation of optical combs in a whispering gallery mode resonator from a bichromatic pump",
  journal = "Phys. Rev. A.",
  volume = "79",
  number = "",
  pages = "041805",
  year = "2009",
  issn = "",
  doi = "",
  author = "Strekalov D.V. and Yu N.",
  language = {english}
}

@article{Antikainen2015,
  title = "Dual-pump frequency comb generation in normally dispersive optical fibers",
  journal = "J. Opt. Soc. Am. B.",
  volume = "32",
  number = "",
  pages = "1705-1711",
  year = "2015",
  issn = "",
  doi = "",
  author = "Antikainen A. and Agrawal G. P.",
  language = {english}
}

@article{Akhmediev1995,
  title = "Cherenkov radiation emitted by solitons in optical fibers",
  journal = "Phys. Rev. A.",
  volume = "51",
  number = "",
  pages = "2602-2607",
  year = "1995",
  issn = "",
  doi = "",
  author = "Akhmediev N. and Karlsson M.",
  language = {english}
}

@article{Barashenkov2011,
  title = "Travelling solitons in the externally driven nonlinear Schrödinger equation",
  journal = "Journal of Physics A: Mathematical and Theoretical",
  volume = "44",
  number = "",
  pages = "465211",
  year = "2011",
  issn = "",
  doi = "",
  author = "Barashenkov I.V. and Zemlyanaya E.V.",
  language = {english}
}

@article{Jang2014,
  title = "Observation of dispersive wave emission by temporal cavity solitons",
  journal = "Opt. Lett.",
  volume = "39",
  number = "",
  pages = "5503-5506",
  year = "2014",
  issn = "",
  doi = "",
  author = "Jang J.K., et al.",
  language = {english}
}

@article{Milian2014,
  title = "Soliton families and resonant radiation in a micro-ring resonator near zero group-velocity dispersion",
  journal = "Opt. Express",
  volume = "22",
  number = "",
  pages = "3732-3739",
  year = "2014",
  issn = "",
  doi = "",
  author = "Milian C. and Skryabin D.V.",
  language = {english}
}

@article{Yang2016,
  title = "Spatial-mode-interaction-induced dispersive waves and their active tuning in microresonators",
  journal = "Optica",
  volume = "3",
  number = "",
  pages = "1132-1135",
  year = "2016",
  issn = "",
  doi = "",
  author = "Yang Q.-F., et al.",
  language = {english}
}

@article{Jiang2014,
  title = "Dispersion engineering of high-Q silicon microresonators via thermal oxidation",
  journal = "Appl. Phys. Lett.",
  volume = "105",
  number = "",
  pages = "031112",
  year = "2014",
  issn = "",
  doi = "",
  author = "Jiang W.C., et al.",
  language = {english}
}

@article{Okawachi2014,
  title = "Bandwidth shaping of microresonator-based frequency combs via dispersion engineering",
  journal = "Opt. Lett.",
  volume = "39",
  number = "",
  pages = "3535-3538",
  year = "2014",
  issn = "",
  doi = "",
  author = "Okawachi Y., et al.",
  language = {english}
}

@article{Zhang2014,
  title = "Intra-Cavity Dispersion of Microresonators and its Engineering for Octave-Spanning Kerr Frequency Comb Generation",
  journal = "IEEE Journal of Selected Topics in Quantum Electronics",
  volume = "20",
  number = "4",
  pages = "111-117",
  year = "2014",
  issn = "",
  doi = "",
  author = "Zhang L. et al.",
  language = {english}
}


@article{Zhang2013,
  title = "Generation of two-cycle pulses and octave-spanning frequency combs in a dispersion-flattened micro-resonator",
  journal = "Opt. Lett.",
  volume = "38",
  number = "",
  pages = "5122–5125",
  year = "2013",
  issn = "",
  doi = "",
  author = "Zhang L. et al.",
  language = {english}
}

@article{Grudinin2015,
  title = "Dispersion engineering of crystalline resonators via microstructuring",
  journal = "Optica",
  volume = "2",
  number = "",
  pages = "221-224",
  year = "2015",
  issn = "",
  doi = "",
  author = "Grudinin I.S. and Yu N.",
  language = {english}
}

@article{Nakagawa2016,
  title = "Dispersion tailoring of a crystalline whispering gallery mode microcavity for a wide-spanning optical Kerr frequency comb",
  journal = "J. Opt. Soc. Am. B.",
  volume = "33",
  number = "",
  pages = "1913-1920",
  year = "2016",
  issn = "",
  doi = "",
  author = "Nakagawa Y. et al.",
  language = {english}
}

@article{Hansson2014ol,
  title = "Mid-infrared soliton and Raman frequency comb generation in silicon microrings",
  journal = "Opt. Lett.",
  volume = "39",
  number = "",
  pages = "6747-6750",
  year = "2014",
  issn = "",
  doi = "",
  author = "Hansson T., Modotto D. and Wabnitz S.",
  language = {english}
}

@article{Milian2015,
  title = "Solitons and frequency combs in silica microring resonators: Interplay of the Raman and higher-order dispersion effects",
  journal = "Phys. Rev. A.",
  volume = "92",
  number = "",
  pages = "033851",
  year = "2015",
  issn = "",
  doi = "",
  author = "Milian C., et al.",
  language = {english}
}

@article{Yi2016,
  title = "Theory and measurement of the soliton self-frequency shift and efficiency in optical microcavities",
  journal = "Opt. Lett.",
  volume = "41",
  number = "",
  pages = "3419-3422",
  year = "2016",
  issn = "",
  doi = "",
  author = "Yi X., et al.",
  language = {english}
}

@article{Karpov2016,
  title = "Raman self-frequency shift of dissipative Kerr solitons in an optical microresonator",
  journal = "Phys. Rev. Lett.",
  volume = "116",
  number = "",
  pages = "103902",
  year = "2016",
  issn = "",
  doi = "",
  author = "Karpov M., et al.",
  language = {english}
}

@article{Bao2017,
  title = "Soliton repetition rate in a silicon-nitride microresonator",
  journal = "Opt. Lett.",
  volume = "116",
  number = "4",
  pages = "759-762",
  year = "2017",
  issn = "",
  doi = "",
  author = "Bao C., et al.",
  language = {english}
}

@article{Chembo2015,
  title = "Spatiotemporal dynamics of Kerr-Raman optical frequency combs",
  journal = "Phys. Rev. A.",
  volume = "92",
  number = "",
  pages = "043818",
  year = "2015",
  issn = "",
  doi = "",
  author = "Chembo Y.K., Grudinin I.S. and Yu N.",
  language = {english}
}

@article{Chembo2016,
  title = "Universal nonlinear scattering in ultra-high Q whispering gallery-mode resonators",
  journal = "Opt. Express",
  volume = "24",
  number = "",
  pages = "14880-14894",
  year = "2016",
  issn = "",
  doi = "",
  author = "Lin G., et al.",
  language = {english}
}

@article{Strekalov2016,
  title = "Nonlinear and quantum optics with whispering gallery resonators",
  journal = "J. Opt.",
  volume = "18",
  number = "",
  pages = "123002",
  year = "2016",
  issn = "",
  doi = "",
  author = "Strekalov D.V. et al.",
  language = {english}
}

@article{Schneider2013,
  title = "An electrically pumped polariton laser",
  journal = "Nature",
  volume = "497",
  number = "",
  pages = "348-352",
  year = "2013",
  issn = "",
  doi = "",
  author = "Schneider C. et al.",
  language = {english}
}

@article{Johnson2014,
  title = "Microresonator-based comb generation without an external laser source",
  journal = "Opt. Express.",
  volume = "22",
  number = "",
  pages = "1394-1401",
  year = "2014",
  issn = "",
  doi = "",
  author = "Johnson A.R. et al.",
  language = {english}
}

@article{Rayanov2015,
  title = "Frequency Combs with Weakly Lasing Exciton-Polariton Condensates",
  journal = "Phys. Rev. Lett.",
  volume = "114",
  number = "",
  pages = "193901",
  year = "2015",
  issn = "",
  doi = "",
  author = "Rayanov K. et al.",
  language = {english}
}


@article{matsko_optics_letters,
  title = "Wafer bonding for microsystems technologies ",
  journal = "Sensors and Actuators A: Physical ",
  volume = "74",
  number = "1–3",
  pages = "161 - 168",
  year = "1999",
  issn = "0924-4247",
  doi = "10.1016/S0924-4247(98)00310-0",
  author = "Gösele, U. and Tong, Q.-Y. and Schumacher, A. and Kräuter, G. and Reiche, M. and Plößl, A. and Kopperschmidt, P. and Lee, T.-H. and Kim, W.-J.",
  keywords = "Wafer bonding",
  keywords = "Fusion bonding",
  keywords = "Pressure sensors",
  keywords = "Interface reactions",
  keywords = "Hydrophilic bonding",
  keywords = "Hydrophobic bonding",
  language = {russian}
}


@article{matsko_nature,
  title = "Wafer bonding for microsystems technologies ",
  journal = "Sensors and Actuators A: Physical ",
  volume = "74",
  number = "1–3",
  pages = "161 - 168",
  year = "1999",
  issn = "0924-4247",
  doi = "10.1016/S0924-4247(98)00310-0",
  author = "Gösele, U. and Tong, Q.-Y. and Schumacher, A. and Kräuter, G. and Reiche, M. and Plößl, A. and Kopperschmidt, P. and Lee, T.-H. and Kim, W.-J.",
  keywords = "Wafer bonding",
  keywords = "Fusion bonding",
  keywords = "Pressure sensors",
  keywords = "Interface reactions",
  keywords = "Hydrophilic bonding",
  keywords = "Hydrophobic bonding",
  language = {russian}
}


@article{wabnitz,
  title = "Wafer bonding for microsystems technologies ",
  journal = "Sensors and Actuators A: Physical ",
  volume = "74",
  number = "1–3",
  pages = "161 - 168",
  year = "1999",
  issn = "0924-4247",
  doi = "10.1016/S0924-4247(98)00310-0",
  author = "Gösele, U. and Tong, Q.-Y. and Schumacher, A. and Kräuter, G. and Reiche, M. and Plößl, A. and Kopperschmidt, P. and Lee, T.-H. and Kim, W.-J.",
  keywords = "Wafer bonding",
  keywords = "Fusion bonding",
  keywords = "Pressure sensors",
  keywords = "Interface reactions",
  keywords = "Hydrophilic bonding",
  keywords = "Hydrophobic bonding",
  language = {russian}
}


@article{Numercial_recipes,
  title = "Wafer bonding for microsystems technologies ",
  journal = "Sensors and Actuators A: Physical ",
  volume = "74",
  number = "1–3",
  pages = "161 - 168",
  year = "1999",
  issn = "0924-4247",
  doi = "10.1016/S0924-4247(98)00310-0",
  author = "Gösele, U. and Tong, Q.-Y. and Schumacher, A. and Kräuter, G. and Reiche, M. and Plößl, A. and Kopperschmidt, P. and Lee, T.-H. and Kim, W.-J.",
  keywords = "Wafer bonding",
  keywords = "Fusion bonding",
  keywords = "Pressure sensors",
  keywords = "Interface reactions",
  keywords = "Hydrophilic bonding",
  keywords = "Hydrophobic bonding",
  language = {russian}
}


@article{ahm_solitons,
  title = "Wafer bonding for microsystems technologies ",
  journal = "Sensors and Actuators A: Physical ",
  volume = "74",
  number = "1–3",
  pages = "161 - 168",
  year = "1999",
  issn = "0924-4247",
  doi = "10.1016/S0924-4247(98)00310-0",
  author = "Gösele, U. and Tong, Q.-Y. and Schumacher, A. and Kräuter, G. and Reiche, M. and Plößl, A. and Kopperschmidt, P. and Lee, T.-H. and Kim, W.-J.",
  keywords = "Wafer bonding",
  keywords = "Fusion bonding",
  keywords = "Pressure sensors",
  keywords = "Interface reactions",
  keywords = "Hydrophilic bonding",
  keywords = "Hydrophobic bonding",
  language = {russian}
}


@article{boyd,
  title = "Wafer bonding for microsystems technologies ",
  journal = "Sensors and Actuators A: Physical ",
  volume = "74",
  number = "1–3",
  pages = "161 - 168",
  year = "1999",
  issn = "0924-4247",
  doi = "10.1016/S0924-4247(98)00310-0",
  author = "Gösele, U. and Tong, Q.-Y. and Schumacher, A. and Kräuter, G. and Reiche, M. and Plößl, A. and Kopperschmidt, P. and Lee, T.-H. and Kim, W.-J.",
  keywords = "Wafer bonding",
  keywords = "Fusion bonding",
  keywords = "Pressure sensors",
  keywords = "Interface reactions",
  keywords = "Hydrophilic bonding",
  keywords = "Hydrophobic bonding",
  language = {russian}
}


@article{dissipative_solitons,
  title = "Wafer bonding for microsystems technologies ",
  journal = "Sensors and Actuators A: Physical ",
  volume = "74",
  number = "1–3",
  pages = "161 - 168",
  year = "1999",
  issn = "0924-4247",
  doi = "10.1016/S0924-4247(98)00310-0",
  author = "Gösele, U. and Tong, Q.-Y. and Schumacher, A. and Kräuter, G. and Reiche, M. and Plößl, A. and Kopperschmidt, P. and Lee, T.-H. and Kim, W.-J.",
  keywords = "Wafer bonding",
  keywords = "Fusion bonding",
  keywords = "Pressure sensors",
  keywords = "Interface reactions",
  keywords = "Hydrophilic bonding",
  keywords = "Hydrophobic bonding",
  language = {russian}
}


@article{lugiato,
  title = "Wafer bonding for microsystems technologies ",
  journal = "Sensors and Actuators A: Physical ",
  volume = "74",
  number = "1–3",
  pages = "161 - 168",
  year = "1999",
  issn = "0924-4247",
  doi = "10.1016/S0924-4247(98)00310-0",
  author = "Gösele, U. and Tong, Q.-Y. and Schumacher, A. and Kräuter, G. and Reiche, M. and Plößl, A. and Kopperschmidt, P. and Lee, T.-H. and Kim, W.-J.",
  keywords = "Wafer bonding",
  keywords = "Fusion bonding",
  keywords = "Pressure sensors",
  keywords = "Interface reactions",
  keywords = "Hydrophilic bonding",
  keywords = "Hydrophobic bonding",
  language = {russian}
}


@article{Matsko,
  title = "Wafer bonding for microsystems technologies ",
  journal = "Sensors and Actuators A: Physical ",
  volume = "74",
  number = "1–3",
  pages = "161 - 168",
  year = "1999",
  issn = "0924-4247",
  doi = "10.1016/S0924-4247(98)00310-0",
  author = "Gösele, U. and Tong, Q.-Y. and Schumacher, A. and Kräuter, G. and Reiche, M. and Plößl, A. and Kopperschmidt, P. and Lee, T.-H. and Kim, W.-J.",
  keywords = "Wafer bonding",
  keywords = "Fusion bonding",
  keywords = "Pressure sensors",
  keywords = "Interface reactions",
  keywords = "Hydrophilic bonding",
  keywords = "Hydrophobic bonding",
  language = {russian}
}


@article{Gorodetsky,
  title = "Wafer bonding for microsystems technologies ",
  journal = "Sensors and Actuators A: Physical ",
  volume = "74",
  number = "1–3",
  pages = "161 - 168",
  year = "1999",
  issn = "0924-4247",
  doi = "10.1016/S0924-4247(98)00310-0",
  author = "Gösele, U. and Tong, Q.-Y. and Schumacher, A. and Kräuter, G. and Reiche, M. and Plößl, A. and Kopperschmidt, P. and Lee, T.-H. and Kim, W.-J.",
  keywords = "Wafer bonding",
  keywords = "Fusion bonding",
  keywords = "Pressure sensors",
  keywords = "Interface reactions",
  keywords = "Hydrophilic bonding",
  keywords = "Hydrophobic bonding",
  language = {russian}
}


@article{mw_signals_generation,
  title = "Wafer bonding for microsystems technologies ",
  journal = "Sensors and Actuators A: Physical ",
  volume = "74",
  number = "1–3",
  pages = "161 - 168",
  year = "1999",
  issn = "0924-4247",
  doi = "10.1016/S0924-4247(98)00310-0",
  author = "Gösele, U. and Tong, Q.-Y. and Schumacher, A. and Kräuter, G. and Reiche, M. and Plößl, A. and Kopperschmidt, P. and Lee, T.-H. and Kim, W.-J.",
  keywords = "Wafer bonding",
  keywords = "Fusion bonding",
  keywords = "Pressure sensors",
  keywords = "Interface reactions",
  keywords = "Hydrophilic bonding",
  keywords = "Hydrophobic bonding",
  language = {russian}
}


@article{frequency_comb_optical_clock,
  title = "Wafer bonding for microsystems technologies ",
  journal = "Sensors and Actuators A: Physical ",
  volume = "74",
  number = "1–3",
  pages = "161 - 168",
  year = "1999",
  issn = "0924-4247",
  doi = "10.1016/S0924-4247(98)00310-0",
  author = "Gösele, U. and Tong, Q.-Y. and Schumacher, A. and Kräuter, G. and Reiche, M. and Plößl, A. and Kopperschmidt, P. and Lee, T.-H. and Kim, W.-J.",
  keywords = "Wafer bonding",
  keywords = "Fusion bonding",
  keywords = "Pressure sensors",
  keywords = "Interface reactions",
  keywords = "Hydrophilic bonding",
  keywords = "Hydrophobic bonding",
  language = {russian}
}

@article{mlg_to_nature,
  title = "Wafer bonding for microsystems technologies ",
  journal = "Sensors and Actuators A: Physical ",
  volume = "74",
  number = "1–3",
  pages = "161 - 168",
  year = "1999",
  issn = "0924-4247",
  doi = "10.1016/S0924-4247(98)00310-0",
  author = "Gösele, U. and Tong, Q.-Y. and Schumacher, A. and Kräuter, G. and Reiche, M. and Plößl, A. and Kopperschmidt, P. and Lee, T.-H. and Kim, W.-J.",
  keywords = "Wafer bonding",
  keywords = "Fusion bonding",
  keywords = "Pressure sensors",
  keywords = "Interface reactions",
  keywords = "Hydrophilic bonding",
  keywords = "Hydrophobic bonding",
  language = {russian}
}


@article{coherent_data_transmission,
  title = "Wafer bonding for microsystems technologies ",
  journal = "Sensors and Actuators A: Physical ",
  volume = "74",
  number = "1–3",
  pages = "161 - 168",
  year = "1999",
  issn = "0924-4247",
  doi = "10.1016/S0924-4247(98)00310-0",
  author = "Gösele, U. and Tong, Q.-Y. and Schumacher, A. and Kräuter, G. and Reiche, M. and Plößl, A. and Kopperschmidt, P. and Lee, T.-H. and Kim, W.-J.",
  keywords = "Wafer bonding",
  keywords = "Fusion bonding",
  keywords = "Pressure sensors",
  keywords = "Interface reactions",
  keywords = "Hydrophilic bonding",
  keywords = "Hydrophobic bonding",
  language = {russian}
}

@article{mlg_to_naturea,
  title = "Wafer bonding for microsystems technologies ",
  journal = "Sensors and Actuators A: Physical ",
  volume = "74",
  number = "1–3",
  pages = "161 - 168",
  year = "1999",
  issn = "0924-4247",
  doi = "10.1016/S0924-4247(98)00310-0",
  author = "Gösele, U. and Tong, Q.-Y. and Schumacher, A. and Kräuter, G. and Reiche, M. and Plößl, A. and Kopperschmidt, P. and Lee, T.-H. and Kim, W.-J.",
  keywords = "Wafer bonding",
  keywords = "Fusion bonding",
  keywords = "Pressure sensors",
  keywords = "Interface reactions",
  keywords = "Hydrophilic bonding",
  keywords = "Hydrophobic bonding",
  language = {russian}
}


@article{chembo_nls,
  title = "Wafer bonding for microsystems technologies ",
  journal = "Sensors and Actuators A: Physical ",
  volume = "74",
  number = "1–3",
  pages = "161 - 168",
  year = "1999",
  issn = "0924-4247",
  doi = "10.1016/S0924-4247(98)00310-0",
  author = "Gösele, U. and Tong, Q.-Y. and Schumacher, A. and Kräuter, G. and Reiche, M. and Plößl, A. and Kopperschmidt, P. and Lee, T.-H. and Kim, W.-J.",
  keywords = "Wafer bonding",
  keywords = "Fusion bonding",
  keywords = "Pressure sensors",
  keywords = "Interface reactions",
  keywords = "Hydrophilic bonding",
  keywords = "Hydrophobic bonding",
  language = {russian}
}


@article{matsko_nls,
  title = "Wafer bonding for microsystems technologies ",
  journal = "Sensors and Actuators A: Physical ",
  volume = "74",
  number = "1–3",
  pages = "161 - 168",
  year = "1999",
  issn = "0924-4247",
  doi = "10.1016/S0924-4247(98)00310-0",
  author = "Gösele, U. and Tong, Q.-Y. and Schumacher, A. and Kräuter, G. and Reiche, M. and Plößl, A. and Kopperschmidt, P. and Lee, T.-H. and Kim, W.-J.",
  keywords = "Wafer bonding",
  keywords = "Fusion bonding",
  keywords = "Pressure sensors",
  keywords = "Interface reactions",
  keywords = "Hydrophilic bonding",
  keywords = "Hydrophobic bonding",
  language = {russian}
}


@article{cavity_spectrum_Grudinin,
  title = "Wafer bonding for microsystems technologies ",
  journal = "Sensors and Actuators A: Physical ",
  volume = "74",
  number = "1–3",
  pages = "161 - 168",
  year = "1999",
  issn = "0924-4247",
  doi = "10.1016/S0924-4247(98)00310-0",
  author = "Gösele, U. and Tong, Q.-Y. and Schumacher, A. and Kräuter, G. and Reiche, M. and Plößl, A. and Kopperschmidt, P. and Lee, T.-H. and Kim, W.-J.",
  keywords = "Wafer bonding",
  keywords = "Fusion bonding",
  keywords = "Pressure sensors",
  keywords = "Interface reactions",
  keywords = "Hydrophilic bonding",
  keywords = "Hydrophobic bonding",
  language = {russian}
}


@article{mode_spectrum_MLG,
  title = "Wafer bonding for microsystems technologies ",
  journal = "Sensors and Actuators A: Physical ",
  volume = "74",
  number = "1–3",
  pages = "161 - 168",
  year = "1999",
  issn = "0924-4247",
  doi = "10.1016/S0924-4247(98)00310-0",
  author = "Gösele, U. and Tong, Q.-Y. and Schumacher, A. and Kräuter, G. and Reiche, M. and Plößl, A. and Kopperschmidt, P. and Lee, T.-H. and Kim, W.-J.",
  keywords = "Wafer bonding",
  keywords = "Fusion bonding",
  keywords = "Pressure sensors",
  keywords = "Interface reactions",
  keywords = "Hydrophilic bonding",
  keywords = "Hydrophobic bonding",
  language = {russian}
}


@article{dropport,
  title = "Wafer bonding for microsystems technologies ",
  journal = "Sensors and Actuators A: Physical ",
  volume = "74",
  number = "1–3",
  pages = "161 - 168",
  year = "1999",
  issn = "0924-4247",
  doi = "10.1016/S0924-4247(98)00310-0",
  author = "Gösele, U. and Tong, Q.-Y. and Schumacher, A. and Kräuter, G. and Reiche, M. and Plößl, A. and Kopperschmidt, P. and Lee, T.-H. and Kim, W.-J.",
  keywords = "Wafer bonding",
  keywords = "Fusion bonding",
  keywords = "Pressure sensors",
  keywords = "Interface reactions",
  keywords = "Hydrophilic bonding",
  keywords = "Hydrophobic bonding",
  language = {russian}
}


@article{microrod_resonator,
  title = "Wafer bonding for microsystems technologies ",
  journal = "Sensors and Actuators A: Physical ",
  volume = "74",
  number = "1–3",
  pages = "161 - 168",
  year = "1999",
  issn = "0924-4247",
  doi = "10.1016/S0924-4247(98)00310-0",
  author = "Gösele, U. and Tong, Q.-Y. and Schumacher, A. and Kräuter, G. and Reiche, M. and Plößl, A. and Kopperschmidt, P. and Lee, T.-H. and Kim, W.-J.",
  keywords = "Wafer bonding",
  keywords = "Fusion bonding",
  keywords = "Pressure sensors",
  keywords = "Interface reactions",
  keywords = "Hydrophilic bonding",
  keywords = "Hydrophobic bonding",
  language = {russian}
}


@article{Chembo_modal,
  title = "Wafer bonding for microsystems technologies ",
  journal = "Sensors and Actuators A: Physical ",
  volume = "74",
  number = "1–3",
  pages = "161 - 168",
  year = "1999",
  issn = "0924-4247",
  doi = "10.1016/S0924-4247(98)00310-0",
  author = "Gösele, U. and Tong, Q.-Y. and Schumacher, A. and Kräuter, G. and Reiche, M. and Plößl, A. and Kopperschmidt, P. and Lee, T.-H. and Kim, W.-J.",
  keywords = "Wafer bonding",
  keywords = "Fusion bonding",
  keywords = "Pressure sensors",
  keywords = "Interface reactions",
  keywords = "Hydrophilic bonding",
  keywords = "Hydrophobic bonding",
  language = {russian}
}


@article{MLG_nature_2012,
  title = "Wafer bonding for microsystems technologies ",
  journal = "Sensors and Actuators A: Physical ",
  volume = "74",
  number = "1–3",
  pages = "161 - 168",
  year = "1999",
  issn = "0924-4247",
  doi = "10.1016/S0924-4247(98)00310-0",
  author = "Gösele, U. and Tong, Q.-Y. and Schumacher, A. and Kräuter, G. and Reiche, M. and Plößl, A. and Kopperschmidt, P. and Lee, T.-H. and Kim, W.-J.",
  keywords = "Wafer bonding",
  keywords = "Fusion bonding",
  keywords = "Pressure sensors",
  keywords = "Interface reactions",
  keywords = "Hydrophilic bonding",
  keywords = "Hydrophobic bonding",
  language = {russian}
}


@article{comb_nature_2007,
  title = "Wafer bonding for microsystems technologies ",
  journal = "Sensors and Actuators A: Physical ",
  volume = "74",
  number = "1–3",
  pages = "161 - 168",
  year = "1999",
  issn = "0924-4247",
  doi = "10.1016/S0924-4247(98)00310-0",
  author = "Gösele, U. and Tong, Q.-Y. and Schumacher, A. and Kräuter, G. and Reiche, M. and Plößl, A. and Kopperschmidt, P. and Lee, T.-H. and Kim, W.-J.",
  keywords = "Wafer bonding",
  keywords = "Fusion bonding",
  keywords = "Pressure sensors",
  keywords = "Interface reactions",
  keywords = "Hydrophilic bonding",
  keywords = "Hydrophobic bonding",
  language = {russian}
}

@article{octave_comb_2011,
  title = "Wafer bonding for microsystems technologies ",
  journal = "Sensors and Actuators A: Physical ",
  volume = "74",
  number = "1–3",
  pages = "161 - 168",
  year = "1999",
  issn = "0924-4247",
  doi = "10.1016/S0924-4247(98)00310-0",
  author = "Gösele, U. and Tong, Q.-Y. and Schumacher, A. and Kräuter, G. and Reiche, M. and Plößl, A. and Kopperschmidt, P. and Lee, T.-H. and Kim, W.-J.",
  keywords = "Wafer bonding",
  keywords = "Fusion bonding",
  keywords = "Pressure sensors",
  keywords = "Interface reactions",
  keywords = "Hydrophilic bonding",
  keywords = "Hydrophobic bonding",
  language = {russian}
}



@BOOK{Sychev,
  author = {Сычёв, М. С.},
  title = {История Астраханского казачьего войска : учебное пособие},
  address = {Астрахань},
  publisher = {Волга},
  year = {2009},
  numpages = {231},
  language = {russian}
}

@BOOK{Sokolov,
  author = {Соколов, А. Н. and Сердобинцев, К. С.},
  editor = {Бочарова, В. М.},
  address = {Астрахань},
  publisher = {Калиниградский ЮИ МВД России},
  title = {Гражданское общество: проблемы формирования и развития (философский и юридический аспекты) : монография},
  year = {2009},
  numpages = {218},
  language = {russian}
}

@BOOK{Gaidaenko,
  author = {Гайдаенко, Т. А.},
  title = {Маркетинговое управление: принципы управленческих решений и российская практика},
  edition = {3-е изд, перераб. и доп.},
  address = {М.},
  publisher = {Эксмо: МИРБИС},
  year = {2008},
  numpages = {508},
  language = {russian}
}

@BOOK{Lermontov,
  author = {Лермонтов, Михаил Юрьевич},
  title = {Собрание сочинений: в 4 т.},
  address = {М.},
  publisher = {Терра-Кн. клуб},
  year = {2009},
  note = {4 т.},
  language = {russian}
}

@BOOK{Management,
  title = {Управление бизнесом : сборник статей},
  address = {Нижний новгород},
  publisher = {Изд-во Нижегородского университета},
  year = {2009},
  numpages = {243},
  language = {russian}
}

@BOOK{Borozda,
  author = {Борозда, И. В. and Воронин, Н. И. and Бушманов, А. В.},
  title = {Лечение сочетанных повреждений таза},
  address = {Владивосток},
  publisher = {Дальнаука},
  year = {2009},
  numpages = {195},
  language = {russian}
}

@BOOK{Marketing,
  author = {Михненков, О. В. and Коготкова, И. З. and Генкин, Е. В. and Сороко, Г. Я.},
  title = {Маркетинговые исследования в строительстве : учебное пособие для студентов специальности «Менеджмент организаций»},
  address = {М.},
  publisher = {Государственный университет управления},
  year = {2005},
  numpages = {59},
  language = {russian}
}

% ГОСТ Р 7.0.11-2011, Приложение Б, Нормативные правовые акты
@BOOK{Constitution,
  title = {Конституция Российской Федерации : офиц. текст.},
  address = {М.},
  publisher = {Маркетинг},
  year = {2001},
  numpages = {39},
  language = {russian}
}

@BOOK{FamilyCode,
  title = {Семейный кодекс Российской Федерации : [федер. закон: принят Гос. Думой 8 дек. 1995~г. : по состоянию на 3~янв. 2001~г.]},
  address = {СПб.},
  publisher = {Стаун-кантри},
  year = {2001},
  numpages = {94},
  language = {russian}
}

% ГОСТ Р 7.0.11-2011, Приложение Б, Стандарты
@BOOK{Gost.7.0.53,
  title = {ГОСТ Р 7.0.53-2007 Система стандартов по информации, библиотечному и издательскому делу. Издания. Международный стандартный книжный номер. Использование и издательское оформление.},
  address = {М.},
  publisher = {Стандартинформ},
  year = {2007},
  numpages = {5},
  language = {russian}
}

% ГОСТ Р 7.0.11-2011, Приложение Б, Депонированные научные работы
@BOOK{Razumovski,
  author = {Разумовский, В. А. and Андреев, Д. А.},
  title = {Управление маркетинговыми исследованиями в регионе},
  address = {М.},
  year = {2002},
  numpages = {210},
  note = {Деп. в ИНИОН Рос. акад. наук 15.02.02, № 139876},
  language = {russian}
}

% ГОСТ Р 7.0.11-2011, Приложение Б, Диссертации
@BOOK{Lagkueva,
  author = {Лагкуева, Ирина Владимировна},
  title = {Особенности регулирования труда творческих работников театров : дис. ... канд. юрид. наук : 12.00.05},
  address = {М.},
  year = {2009},
  numpages = {168},
  language = {russian}
}

@BOOK{Pokrovski,
  author = {Покровский, Андрей Владимирович},
  title = {Устранимые особенности решений эллиптических уравнений : дис. ... д-ра физ.-мат. наук : 01.01.01},
  address = {М.},
  year = {2008},
  numpages = {178},
  language = {russian}
}

% ГОСТ Р 7.0.11-2011, Приложение Б, Авторефераты диссертаций
@BOOK{Sirotko,
  author = {Сиротко, Владимир Викторович},
  title = {Медико-социальные аспекты городского травматизма в современных условиях : автореф. дис. ... канд. мед. наук : 14.00.33},
  address = {М.},
  year = {2006},
  numpages = {26},
  language = {russian}
}

@BOOK{Lukina,
  author = {Лукина, Валентина Александровна},
  title = {Творческая история «Записок охотника» И. С. Тургенева : автореф. дис. ... канд. филол. наук : 10.01.01},
  address = {СПб.},
  year = {2006},
  numpages = {26},
  language = {russian}
}

% ГОСТ Р 7.0.11-2011, Приложение Б, Отчёты о научно-исследовательской работе
@BOOK{Methodology,
  author = {Загорюев, А. Л.},
  title = {Методология и методы изучения военно-профессиональной направленности подростков : отчёт о НИР},
  address = {Екатеринбург},
  institution = {Уральский институт практической психологии},
  year = {2008},
  numpages = {102},
  language = {russian}
}

% ГОСТ Р 7.0.11-2011, Приложение Б, Электронные ресурсы
@BOOK{Encyclopedia,
  title = {Художественная энциклопедия зарубежного классического искусства [Электронный ресурс]},
  address = {М.},
  publisher = {Большая Рос. энкцикл.},
  year = {1996},
  note = {1 электрон. опт. диск (CD-ROM)},
  language = {russian}
}

@ARTICLE{Nasirova,
  author = {Насырова, Г. А.},
  title = {Модели государственного регулирования страховой деятельности [Электронный ресурс]},
  journal = {Вестник Финансовой академии},
  year = {2003},
  number = {4},
  note = {Режим доступа: http://vestnik.fa.ru/4(28)2003/4.html},
  language = {russian}
}

% ГОСТ Р 7.0.11-2011, Приложение Б, Статьи

@ARTICLE{Berestova,
  author = {Берестова, Т. Ф.},
  title = {Поисковые инструмены библиотеки},
  journal = {Библиография},
  year = {2006},
  number = {4},
  pages = {19},
  language = {russian}
}

@ARTICLE{Kriger,
  author = {Кригер, И.},
  title =  {Бумага терпит},
  journal = {Новая газета},
  year = {2009},
  note = {1 июля},
  language = {russian}
}


% Examples from https://verbosus.com/bibtex-style-examples.html
@ARTICLE{Article,
  author   = {Peter Adams},
  title    = {The title of the work},
  journal  = {The name of the journal},
  year     = {1993},
  number   = {2},
  pages    = {201-213},
  month    = {7},
  note     = {An optional note},
  volume   = {4},
  language = {english}
}

@BOOK{Book,
  author    = {Peter Babington},
  title     = {The title of the work},
  publisher = {The name of the publisher},
  year      = {1993},
  volume    = {4},
  series    = {10},
  address   = {The address},
  edition   = {3},
  month     = {7},
  note      = {An optional note},
  isbn      = {3257227892},
  language  = {english}
}

@BOOKLET{Booklet,
  title        = {The title of the work},
  author       = {Peter Caxton},
  howpublished = {How it was published},
  address      = {The address of the publisher},
  month        = {7},
  year         = {1993},
  note         = {An optional note},
  language     = {english}
}

@CONFERENCE{Conference,
  author       = {Peter Draper},
  title        = {The title of the work},
  booktitle    = {The title of the book},
  year         = {1993},
  editor       = {The editor},
  volume       = {4},
  series       = {5},
  pages        = {213},
  address      = {The address of the publisher},
  month        = {7},
  organization = {The organization},
  publisher    = {The publisher},
  note         = {An optional note},
  language     = {english}
}

@INBOOK{Inbook,
  author       = {Peter Eston},
  title        = {The title of the work},
  booktitle    = {Book title},
  chapter      = {8},
  pages        = {201-213},
  publisher    = {The name of the publisher},
  year         = {1993},
  volume       = {4},
  series       = {5},
  address      = {The address of the publisher},
  edition      = {3},
  month        = {7},
  note         = {An optional note},
  language     = {english}
}

@INCOLLECTION{Incollection,
  author       = {Peter Farindon},
  title        = {The title of the work},
  booktitle    = {The title of the book},
  publisher    = {The name of the publisher},
  year         = {1993},
  editor       = {The editor},
  volume       = {4},
  series       = {5},
  chapter      = {8},
  pages        = {201-213},
  address      = {The address of the publisher},
  edition      = {3},
  month        = {7},
  note         = {An optional note},
  language     = {english}
}

@MANUAL{Manual,
  title        = {The title of the work},
  author       = {Peter Gainsford},
  organization = {The organization},
  address      = {The address of the publisher},
  edition      = {3},
  month        = {7},
  year         = {1993},
  note         = {An optional note},
  language     = {english}
}

@MASTERSTHESIS{Mastersthesis,
  author       = {Peter Harwood},
  title        = {The title of the work},
  school       = {The school where the thesis was written},
  year         = {1993},
  address      = {The address of the publisher},
  month        = {7},
  note         = {An optional note},
  language     = {english}
}

@MISC{Misc,
  author       = {Peter Isley},
  title        = {The title of the work},
  howpublished = {How it was published},
  month        = {7},
  year         = {1993},
  note         = {An optional note},
  language     = {english}
}

@PHDTHESIS{Phdthesis,
  author       = {Peter Joslin},
  title        = {The title of the work},
  school       = {The school where the thesis was written},
  year         = {1993},
  address      = {The address of the publisher},
  month        = {7},
  note         = {An optional note},
  language     = {english}
}

@PROCEEDINGS{Proceedings,
  title        = {The title of the work},
  year         = {1993},
  editor       = {Peter Kidwelly},
  volume       = {4},
  series       = {5},
  address      = {The address of the publisher},
  month        = {7},
  organization = {The organization},
  publisher    = {The name of the publisher},
  note         = {An optional note},
  language     = {english}
}

@TECHREPORT{Techreport,
  author       = {Peter Lambert},
  title        = {The title of the work},
  institution  = {The institution that published},
  year         = {1993},
  number       = {2},
  address      = {The address of the publisher},
  month        = {7},
  note         = {An optional note},
  language     = {english}
}

@UNPUBLISHED{Unpublished,
  author       = {Peter Marcheford},
  title        = {The title of the work},
  note         = {An optional note},
  month        = {7},
  year         = {1993},
  language     = {english}
}

%%% Реальные примеры

% Инициалы должны быть записаны после запятой, с точками, через пробел
% http://www.kit-e.ru/articles/elcomp/2006_12_124.php
% Подчёркивания в ссылке приходится экранировать
% http://www.kit-e.ru/articles/elcomp/2006\_12\_124.php
@online{medvedev2006jelektronnye,
  title={Электронные компоненты и монтажные подложки},
  author={Медведев, А. М.},
  journal={Компоненты и технологии},
  number={12},
  pages={124--134},
  year={2006},
  medium={Электронный ресурс},
  url = {http://www.kit-e.ru/articles/elcomp/2006\_12\_124.php},
  urldate = {19.01.2015},
  language = {russian}
}

% Real example
% & в названии журнала надо экранировать
% 10.1002/1521-4125(200007)23:7<581::AID-CEAT581>3.0.CO;2-P
% < > в ссылке приходится экранировать %3C и %3E, а потом ещё знаки процента в них экранировать
% 10.1002/1521-4125(200007)23:7%3C581::AID-CEAT581%3E3.0.CO;2-P
% 10.1002/1521-4125(200007)23:7\%3C581::AID-CEAT581\%3E3.0.CO;2-P
% url не нужен. если запись о бумажной публикации
@article {CEAT:CEAT581,
  author = {Deiters, U. K.},
  title = {A Modular Program System for the Calculation of Thermodynamic Properties of Fluids},
  journal = {Chemical Engineering \& Technology},
  volume = {23},
  number = {7},
  publisher = {WILEY-VCH Verlag},
  issn = {1521-4125},
  doi = {10.1002/1521-4125(200007)23:7<581::AID-CEAT581>3.0.CO;2-P},
  pages = {581--584},
  year = {2000},
  language = {english}
}

% Real with  4 authors
@article{doi:10.1080/01932691.2010.513279,
  author = { {\relax Y}oung-{\relax S}ang   Cho  and  {\relax Y}oung   {\relax K}uk   Kim  and  {\relax K}ook   {\relax C}hae   Chung  and  {\relax C}hul   {\relax J}in   Choi },
  title = {Deformation of Colloidal Crystals for Photonic Band Gap Tuning},
  journal = {Journal of Dispersion Science and Technology},
  volume = {32},
  number = {10},
  pages = {1408-1415},
  year = {2011},
  doi = {10.1080/01932691.2010.513279},
  language = {english}
}

% doi with (), author with umlaut or other unicode or specific symbols, 9 authors
% latex don't like Gösele1999161 in ref
% Умляуты в авторах понимаются из-за поддержки в юникодной странице pdflatex и xelatex
% Иллюстрация того, что будет. если на английской записи будут поставлена пометка, что язык русский
@article{Gosele1999161,
  title = "Wafer bonding for microsystems technologies ",
  journal = "Sensors and Actuators A: Physical ",
  volume = "74",
  number = "1–3",
  pages = "161 - 168",
  year = "1999",
  issn = "0924-4247",
  doi = "10.1016/S0924-4247(98)00310-0",
  author = "Gösele, U. and Tong, Q.-Y. and Schumacher, A. and Kräuter, G. and Reiche, M. and Plößl, A. and Kopperschmidt, P. and Lee, T.-H. and Kim, W.-J.",
  keywords = "Wafer bonding",
  keywords = "Fusion bonding",
  keywords = "Pressure sensors",
  keywords = "Interface reactions",
  keywords = "Hydrophilic bonding",
  keywords = "Hydrophobic bonding",
  language = {russian}
}

% Real example (from Google or Springer)
% unmodified styles don't know %language = {English}
% язык писать с маленьких
% иллюстрация incollection
% 10.1007/0-387-32989-7_45
% Подчёркивания в DOI приходится экранировать
% 10.1007/0-387-32989-7\_45
@incollection{Li2007StressAnalysis,
  year={2007},
  isbn={978-0-387-27974-9},
  booktitle={Micro- and Opto-Electronic Materials and Structures: Physics, Mechanics, Design, Reliability, Packaging},
  editor={Suhir, E. and Lee, Y. C. and Wong, C. P.},
  doi={10.1007/0-387-32989-7_45},
  title={Stress Analysis for Processed Silicon Wafers and Packaged Micro-devices},
  publisher={Springer US},
  author={Li, {\relax L}i and Guo, {\relax Y}ifan and Zheng, {\relax D}awei},
  pages={B677-B709},
  language={english}
}

% Real, β sign
% inputenc don't know β sign %aluminosilicate-β-quartz
% Знаки типа β, которые не знает таблица кодировки, с которой работает компилятор нужно заменять на latex команды
% doi должен быть без http://dx.doi.org/
@article{Shoji199895,
title = "Low-temperature anodic bonding using lithium aluminosilicate-$\beta$-quartz glass ceramic",
journal = "Sensors and Actuators A: Physical",
volume = "64",
number = "1",
pages = "95 - 100",
year = "1998",
note = "Tenth {IEEE} International Workshop on Micro Electro Mechanical Systems ",
issn = "0924-4247",
doi = "10.1016/S0924-4247(97)01659-2",
author = {{\relax S}huichi Shoji and {\relax H}iroto Kikuchi and {\relax H}irotaka Torigoe},
keywords = "Anodic bonding",
keywords = "Low-temperature bonding",
keywords = "Micro assembly",
keywords = "Micro package",
keywords = "Glass ceramic",
}


% from urlbst package
% Example from Jason Eisner, by mail (nothing special about the entry,
% but he seemed to be having formatting problems with unsrturl and proceedings
% entries.
% http://cs.jhu.edu/~jason/papers/#icassp07
@InProceedings{test:eisner-sample,
  author =       {Damianos Karakos and Sanjeev Khudanpur and Jason
                  Eisner and Carey~E. Priebe},
  title =        {Iterative denoising using {J}ensen-{R}enyi
                  divergences with an application to unsupervised
                  document categorization},
  booktitle =    {Proceedings of ICASSP},
  year =         2007,
  url =          {http://cs.jhu.edu/~jason/papers/\#icassp07}
}

% Попытка записать патент имеющимися средствами
@Book{iofis_patent1960,
  title                    = {Способ пайки керамики с~керамикой и~стекла с~металлом : а.\,с.~126728 СССР},
  author                   = {Иофис, Н. А.},
  year                     = {1960},
  numpages                 = {Бюл. № 5.~1},
  language                 = {russian}
}

% Попытка записать патент имеющимися средствами
@Book{AB_patent_Pomerantz_1968,
  title                    = {Anodic bonding : patent no. 3397278 US},
  author                   = {Pomerantz, D. I.},
  year                     = {1968},
  language                 = {english}
}

